@inproceedings{cernvm08,
	Author = {Predrag Buncic and Jakob Blomer and Pere Mato and Carlos Aguado Sanchez and Leandro Franco and Steffen Klemer},
	Booktitle = {Proceedings of the XII International Workshop on Advanced Computing and Analysis Techniques in Physics Research (ACAT08)},
	Title = {CernVM - a virtual appliance for LHC applications},
	Year = {2008}
}

@misc{cernvmWeb,
    Title = {CernVM project},
    Howpublished = {http://cernvm.cern.ch/}
}

@misc{tapper,
	Author = {Advanced Micro Devices Inc.},
    Title = {{AMD} {T}apper},
    Year = {2011},
    Howpublished = {\url{http://developer.amd.com/zones/opensource/amdtapper/pages/default.aspx/}}
}

@misc{GCreleasetesting,
    Title = {Cern{VM} {R}elease {T}esting {G}oogle {C}ode {P}roject},
    Howpublished = {\url{https://code.google.com/p/cernvm-release-testing/}}
}

@misc{libvirt,
	Author = {Red Hat Inc.},
    Title = {libvirt {V}irtualization {A}pi},
    Year = {2011},
    Howpublished = {\url{http://libvirt.org/}}
}